% This file was created with JabRef 2.9b2.
% Encoding: ISO8859_1

@ARTICLE{Geim2001,
  author = {Geim, A. K. and ter Tisha, H. A. M. S.},
  title = {Detection of earth rotation with a diamagnetically levitating gyroscope},
  journal = {Physica B: Condensed Matter},
  year = {2001},
  volume = {294--295},
  pages = {736--739},
  doi = {10.1016/S0921-4526(00)00753-5},
  quality = {1}
}

@book{fdreader,
  author    = {J.A Mulder}, 
  title     = {Flight Dynamics},
  year      = 2013,
  month     = 3,
  note      = {Lecture Notes TU Delft course AE3202},
}


@misc{janes,
  title = {Jane's All The World's Aircraft: Development \& Production},
  howpublished = {\url{https://janes.ihs.com/JAWADevelopmentProduction/Reference}},
  year=2018,
  publisher={IHS Markit},
  note = {Accessed: 2018-03-08}
}

@book{roskam_5,
  author    = {J. Roskam}, 
  title     = {Airplane Design Part V: Component Weight Estimation },
  publisher = {DAR corporation},
  isbn      = {978-1884885501}
}

